<?xml version="1.0" encoding="UTF-8"?>
<Document xmlns="urn:iso:std:iso:20022:tech:xsd:pacs.008.001.08">
    <FIToFICstmrCdtTrf>
        <GrpHdr>
            <MsgId>REF103MIN</MsgId>
            <CreDtTm>2024-12-22T10:30:00.000000</CreDtTm>
            <NbOfTxs>1</NbOfTxs>
            <TtlIntrBkSttlmAmt Ccy="EUR">1500.00</TtlIntrBkSttlmAmt>
        </GrpHdr>
        <CdtTrfTxInf>
            <PmtId>
                <InstrId>REF103MIN</InstrId>
                <EndToEndId>REF103MIN</EndToEndId>
            </PmtId>
            <IntrBkSttlmAmt Ccy="EUR">1500.00</IntrBkSttlmAmt>
            <ChrgBr>SHAR</ChrgBr>
            <Dbtr>
                <FinInstnId>
                    <BICFI>BANKBEBBAXXX</BICFI>
                </FinInstnId>
            </Dbtr>
            <CdtrAgt>
                <FinInstnId>
                    <BICFI>BANKDEFFXXXX</BICFI>
                </FinInstnId>
            </CdtrAgt>
        </CdtTrfTxInf>
    </FIToFICstmrCdtTrf>
</Document>
